% Aqui se colocan las referencias bibliograficas

@book{VMHGuzmancontrol2013,
    author={Hern{\'a}ndez-Guzm{\'a}n, Victor Manuel and Silva-Ortigoza, Ram{\'o}n and Orrante-Sakanassi, Jorge Alberto},
    title = {Automatic control with experiments},
    edition = {2},
    publisher = {Springer},
    year = {2024},
    pages = {968},
	address={London, UK},
}
@book{Aguado2003,
    author = {Aguado-Behar, Alberto and Mart{\'i}nez-Iranzo, Miguel},
    title = {Identificaci{\'o}n y control adaptativo},
    edition = {1},
    publisher = {PRENTICE-HALL},
    year = {2003},
    pages = {280},
	address={Madrid, Espa{\~n}a},
}
@book{Angeles2007,
    author = {Angeles, J.},
    title = {Fundamentals of robotic mechanical systems (3rd Ed.)},
    edition = {},
    publisher = {Springer,},
    year = {2007},
    pages = {549},
	address={New York, NY, USA},
}

@book{KellyBook2005,
    author = {Kelly, R. and Santib{\'a}{\~n}ez, V. and Loria, A.},
    title = {Control of robot manipulators in joint space},
    edition = {},
    publisher = {Springer,},
    year = {2005},
    pages = {426},
	address={London},
}
@article{Ailon1997,
    author = {Ailon, A. and Lozano-Leal, R. and Gil', M. I.},
    title = {Point-to-point regulation of a robot with flexible joints including electrical effects of actuator dynamics},
    journal = {IEEE Transactions on Automatic Control},
    volume = {42},
    pages = {559--564},
    year = {1997},
}
@INPROCEEDINGS{Su2007,
  author = {Su, Y. and Muller, P.C. and Zheng, C.},
  title = {A Global Asymptotic Stable Output Feedback PID Regulator for Robot Manipulators},
  booktitle = {Proc. IEEE International Conference on Robotics and Automation. Roma, Italy},
  address = {},
  year = {2007},
  pages = {4484--4489},
  month = {10--14 April },
}

@unpublished{notasclase,
  author       = {Carrillo-Serrano, R. V.}, 
  title        = {Material did\'actico control avanzado},
  note         = {Notas de clase},
  month        = 8,
  year         = 2023,
}